<?xml version = "1.0" encoding = "UTF-8"?><OAI-PMH xmlns="http://www.openarchives.org/OAI/2.0/" xmlns:xsi="http://www.w3.org/2001/XMLSchema-instance" xsi:schemaLocation="http://www.openarchives.org/OAI/2.0/ http://www.openarchives.org/OAI/2.0/OAI-PMH.xsd"><ListRecords><record><header><identifier>aleph-publish:036355319</identifier></header><metadata><record xmlns="http://www.ddb.de/professionell/mabxml/mabxml-1.xsd"><leader>00000nM2.01200024------h</leader><controlfield tag="LDR">00000nM2.01200024------h</controlfield><controlfield tag="FMT">MH</controlfield><datafield tag="001" ind1="-" ind2="1"><subfield code="a">HT020163348</subfield></datafield><datafield tag="002" ind1="a" ind2="1"><subfield code="a">20190819</subfield></datafield><datafield tag="003" ind1="-" ind2="1"><subfield code="a">20210409183444.0</subfield></datafield><datafield tag="026" ind1="-" ind2="1"><subfield code="a">HBZHT020163348</subfield></datafield><controlfield tag="030">a||ur||||||17</controlfield><datafield tag="036" ind1="a" ind2="1"><subfield code="a">DE</subfield></datafield><datafield tag="037" ind1="b" ind2="1"><subfield code="a">ger</subfield></datafield><controlfield tag="050">a|b|||||||||||</controlfield><controlfield tag="051">my||||||</controlfield><datafield tag="060" ind1="-" ind2="1"><subfield code="b">txt</subfield><subfield code="a">Text</subfield></datafield><datafield tag="061" ind1="-" ind2="1"><subfield code="b">n</subfield><subfield code="a">ohne Hilfsmittel zu benutzen</subfield></datafield><datafield tag="062" ind1="-" ind2="1"><subfield code="b">nc</subfield><subfield code="a">Band</subfield></datafield><datafield tag="064" ind1="a" ind2="1"><subfield code="a">Hochschulschrift</subfield><subfield code="9">(DE-588)4113937-9</subfield></datafield><datafield tag="070" ind1="-" ind2="1"><subfield code="a">467</subfield></datafield><datafield tag="070" ind1="b" ind2="1"><subfield code="a">6</subfield></datafield><datafield tag="078" ind1="n" ind2="1"><subfield code="a">NWBib-6</subfield></datafield><datafield tag="080" ind1="-" ind2="1"><subfield code="a">60</subfield></datafield><datafield tag="100" ind1="-" ind2="1"><subfield code="p">Hübner, Carina</subfield><subfield code="9">(DE-588)1153229838</subfield></datafield><datafield tag="104" ind1="b" ind2="1"><subfield code="p">Kißgen, Rüdiger</subfield><subfield code="4">dgs</subfield><subfield code="3">Akademischer Betreuer</subfield><subfield code="9">(DE-588)122065514</subfield></datafield><datafield tag="200" ind1="b" ind2="1"><subfield code="k">Universität Siegen</subfield><subfield code="4">dgg</subfield><subfield code="3">Grad-verleihende Institution</subfield><subfield code="9">(DE-588)64850-4</subfield></datafield><datafield tag="201" ind1="-" ind2="1"><subfield code="k">University Siegen</subfield></datafield><datafield tag="201" ind1="-" ind2="1"><subfield code="k">Université Siegen</subfield></datafield><datafield tag="201" ind1="-" ind2="1"><subfield code="k">Universität - Gesamthochschule Siegen</subfield></datafield><datafield tag="201" ind1="-" ind2="1"><subfield code="k">Universität GH Siegen</subfield></datafield><datafield tag="201" ind1="-" ind2="1"><subfield code="k">Gesamthochschule Siegen</subfield><subfield code="h">Universität Siegen</subfield></datafield><datafield tag="201" ind1="-" ind2="1"><subfield code="k">Siegen University</subfield></datafield><datafield tag="201" ind1="-" ind2="1"><subfield code="k">Universität-Gesamthochschule Siegen</subfield></datafield><datafield tag="201" ind1="-" ind2="1"><subfield code="k">Universität-GH Siegen</subfield></datafield><datafield tag="201" ind1="-" ind2="1"><subfield code="k">University of Siegen</subfield></datafield><datafield tag="201" ind1="-" ind2="1"><subfield code="k">Universität</subfield><subfield code="h">Siegen</subfield></datafield><datafield tag="331" ind1="-" ind2="1"><subfield code="a">&lt;&lt;Der&gt;&gt; Prozess der Berufsorientierung aus der Perspektive der Schülerschaft mit sonderpädagogischem Unterstützungsbedarf im Bereich Lernen an Förderschulen im Land Nordrhein-Westfalen</subfield></datafield><datafield tag="359" ind1="-" ind2="1"><subfield code="a">vorgelegt von Carina Hübner ; erster Gutachter: Prof. Dr. Rüdiger Kißgen</subfield></datafield><datafield tag="419" ind1="-" ind2="1"><subfield code="a">Siegen</subfield><subfield code="c">2019</subfield></datafield><datafield tag="425" ind1="a" ind2="1"><subfield code="a">2019</subfield></datafield><datafield tag="433" ind1="-" ind2="1"><subfield code="a">272 Seiten</subfield></datafield><datafield tag="434" ind1="-" ind2="1"><subfield code="a">Diagramme, Illustrationen</subfield></datafield><datafield tag="520" ind1="-" ind2="1"><subfield code="b">Dissertation</subfield><subfield code="c">Universität Siegen</subfield><subfield code="d">2019</subfield></datafield><datafield tag="673" ind1="c" ind2="1"><subfield code="a">Siegen</subfield><subfield code="9">(DE-588)4054883-1</subfield></datafield><datafield tag="700" ind1="n" ind2="1"><subfield code="a">Nordrhein-Westfalen</subfield><subfield code="0">https://nwbib.de/spatial#N01</subfield></datafield><datafield tag="700" ind1="n" ind2="1"><subfield code="a">Sonderschulen</subfield><subfield code="0">https://nwbib.de/subjects#N784048</subfield></datafield><datafield tag="776" ind1="-" ind2="1"><subfield code="i">Erscheint auch als</subfield><subfield code="n">Online-Ausgabe, PDF</subfield><subfield code="a">Hübner, Carina</subfield><subfield code="t">Der Prozess der Berufsorientierung aus der Perspektive der Schülerschaft mit sonderpädagogischem Unterstützungsbedarf im Bereich Lernen an Förderschulen im Land Nordrhein-Westfalen</subfield><subfield code="9">HT020163372</subfield></datafield><datafield tag="902" ind1="-" ind2="1"><subfield code="g">Nordrhein-Westfalen</subfield><subfield code="9">(DE-588)4042570-8</subfield></datafield><datafield tag="902" ind1="-" ind2="1"><subfield code="s">Sonderschule</subfield><subfield code="9">(DE-588)4055542-2</subfield></datafield><datafield tag="902" ind1="-" ind2="1"><subfield code="s">Berufsorientierung</subfield><subfield code="9">(DE-588)4140124-4</subfield></datafield><datafield tag="902" ind1="-" ind2="1"><subfield code="s">Lernbehinderter Mensch</subfield><subfield code="9">(DE-588)4167388-8</subfield></datafield><datafield tag="902" ind1="-" ind2="1"><subfield code="s">Übergang</subfield><subfield code="h">Sozialwissenschaften</subfield><subfield code="9">(DE-588)4681060-2</subfield></datafield><datafield tag="902" ind1="-" ind2="1"><subfield code="s">Arbeitswelt</subfield><subfield code="9">(DE-588)4002805-7</subfield></datafield><controlfield tag="SYS">036355319</controlfield><datafield tag="952" ind1="-" ind2="1"><subfield code="g">Nord-Westphalie</subfield></datafield><datafield tag="952" ind1="-" ind2="1"><subfield code="g">Norte-Westfalia</subfield></datafield><datafield tag="952" ind1="-" ind2="1"><subfield code="g">NRW</subfield></datafield><datafield tag="952" ind1="-" ind2="1"><subfield code="g">North Rhine-Westphalia</subfield></datafield><datafield tag="952" ind1="-" ind2="1"><subfield code="g">NW</subfield></datafield><datafield tag="952" ind1="-" ind2="1"><subfield code="g">Noordrijn-Westfalen</subfield></datafield><datafield tag="952" ind1="-" ind2="1"><subfield code="g">North-Rhine/Westphalia</subfield></datafield><datafield tag="952" ind1="-" ind2="1"><subfield code="g">Land Nordrhein-Westfalen</subfield></datafield><datafield tag="952" ind1="-" ind2="1"><subfield code="s">Förderschule</subfield></datafield><datafield tag="952" ind1="-" ind2="1"><subfield code="s">Sonderschulen</subfield></datafield><datafield tag="952" ind1="-" ind2="1"><subfield code="s">Förderschulen</subfield></datafield><datafield tag="952" ind1="-" ind2="1"><subfield code="s">Hilfsschule</subfield></datafield><datafield tag="952" ind1="-" ind2="1"><subfield code="s">Berufliche Orientierung</subfield></datafield><datafield tag="952" ind1="-" ind2="1"><subfield code="s">Lernbehinderter</subfield></datafield><datafield tag="952" ind1="-" ind2="1"><subfield code="s">Lernbehinderter Schüler</subfield></datafield><datafield tag="952" ind1="-" ind2="1"><subfield code="s">Sonderschüler</subfield><subfield code="x">Lernbehinderung</subfield></datafield><datafield tag="952" ind1="-" ind2="1"><subfield code="s">Arbeitsleben</subfield></datafield><datafield tag="952" ind1="-" ind2="1"><subfield code="s">Berufsleben</subfield></datafield><datafield tag="088" ind1=" " ind2=" "><subfield code="a">467</subfield><subfield code="c">08ZZZB29773</subfield><subfield code="e">keine Angabe</subfield></datafield><datafield tag="088" ind1=" " ind2=" "><subfield code="a">467</subfield><subfield code="c">33QIJ1508</subfield><subfield code="e">keine Angabe</subfield></datafield><datafield tag="088" ind1=" " ind2=" "><subfield code="a">467</subfield><subfield code="c">33QIJ1508+1</subfield><subfield code="e">keine Angabe</subfield></datafield></record></metadata></record></ListRecords></OAI-PMH>